2782 4556
513 203 716 260 EINLEITUNG.
744 206 760 270 ξ
776 209 797 258 1.
1159 203 1190 258 111

110 402 189 464 qum
212 382 291 448 domi
312 379 419 442 lustret
435 381 501 458 ipse,
524 381 638 439 nomine
653 376 731 440 illius
745 382 777 439 in
791 394 920 438 scaenam
936 367 1058 440 detulit’.
1097 378 1190 460 Nepos

114 479 238 529 auctore
259 475 332 528 certo
356 467 521 544 comperisse
542 482 571 524 se
591 467 634 524 ait
658 462 687 523 θ.
710 462 839 523 laelium
868 463 1011 542 mondum
1032 467 1064 524 in
1086 463 1191 527 Puteo-

114 553 188 614 lano
211 551 338 612 kalendis
360 553 474 610 martiis
487 548 665 610 admonitum
685 547 720 608 ah
734 564 826 609 unere
840 553 991 627 temperius
1012 560 1045 611 ut
1067 549 1191 612 discum-

112 639 196 698 beret
223 641 324 716 petisse
351 634 386 695 ab
415 651 448 694 ea
469 652 504 693 nc
525 632 732 713 interpellaret,
762 649 876 712 seroque
898 633 1011 694 taudem
1032 637 1191 713 r'npressum

113 722 281 784 triclinium
304 721 409 782 dinisse
431 736 490 780 nou
511 736 591 798 saepe
612 722 645 779 in
666 717 809 778 scm'hendo
837 721 928 796 mopis
948 718 1004 778 sibi
1023 724 1190 782 successisse.

115 808 221 870 <teiam
242 818 376 883 ropatum
396 815 429 864 ut
444 807 549 883 scripta
567 802 619 864 illa
630 803 784 883 proferret,
804 807 1007 881 pronuntiasse
1026 822 1127 866 uersees
1140 810 1192 885 qui

111 901 187 954 sunt
209 896 240 952 in
261 889 605 952 Heautontimorumeno:
910 939 912 948 ,

161 975 239 1036 Satis
256 975 308 1056 pdl
325 986 460 1054 proterite
480 974 526 1034 me'
547 970 617 1051 Syri
633 975 776 1052 promissa
797 971 850 1032 huc
872 971 1059 1035 induue'tunt.

112 1062 227 1122 Santra
253 1059 415 1121 Terentium
436 1061 597 1130 cnistimot,
626 1062 653 1117 si
680 1058 762 1118 modo
790 1055 986 1118 inscribendo
1009 1059 1189 1142 adiutprihus

114 1148 285 1226 indipuerit,
308 1163 367 1205 ncn
382 1155 442 1205 tam
457 1141 587 1224 Scipione
601 1154 627 1204 et
641 1139 735 1203 laelio
754 1145 800 1203 uti
809 1144 943 1221 petuisse,
966 1146 1016 1222 qui
1029 1153 1096 1205 tunc
1117 1146 1190 1206 odu-

113 1231 264 1294 Iescentuli
276 1230 407 1308 suerunt,
424 1247 509 1308 mom
528 1227 557 1289 0.
574 1225 700 1308 Sulpicio
718 1226 808 1297 Gallo,
827 1225 939 1287 homine
954 1228 1040 1298 docto,
1063 1240 1096 1291 ut
1109 1234 1190 1292 mius

114 1316 242 1379 conuulis
264 1315 339 1377 ludis
361 1317 478 1375 initium
492 1311 660 1393 fabularum
677 1313 837 1374 dandorum
858 1311 965 1389 fecerit,
987 1313 1035 1374 uel
1048 1312 1084 1386 Q.
1100 1314 1189 1377 Fabio

115 1401 247 1464 Labeone
268 1410 294 1462 et
318 1398 357 1460 M.
383 1397 513 1478 Popillio,
537 1397 682 1460 consulari
699 1407 819 1477 utroque
832 1415 865 1458 oc
882 1406 975 1477 poeta.
1013 1399 1074 1461 ideo
1095 1403 1191 1478 ipsum

114 1505 178 1548 non
192 1491 309 1546 iuumcs
323 1486 469 1563 desipnore
484 1487 535 1564 qui
547 1501 575 1544 se
590 1484 730 1545 adiuuare
746 1482 889 1550 dicuntur,
911 1482 960 1542 sed
972 1487 1053 1544 uiros
1068 1503 1191 1565 potorum

115 1589 236 1653 operam
256 1579 283 1631 et
304 1573 336 1629 iu
357 1568 427 1630 lello
450 1579 476 1629 et
498 1572 529 1628 in
551 1571 608 1628 otio
630 1579 656 1628 et
671 1570 702 1626 in
720 1571 830 1645 nepotio
842 1564 967 1646 populus
987 1572 1024 1628 sit
1046 1581 1187 1648 oupertus.

207 1655 274 1716 Post
295 1655 385 1715 editas
406 1651 594 1723 comoedias*
616 1652 744 1712 nendum
766 1655 898 1731 quintum
919 1661 1001 1731 atque
1021 1655 1190 1716 uicesimum

115 1759 245 1820 opressum
251 1737 284 1773 **
299 1758 416 1810 annum,
432 1742 525 1799 animi
538 1755 632 1808 casua,
651 1737 787 1798 uitandus
802 1738 952 1814 opinionis,
968 1755 1024 1818 pita
1037 1739 1190 1801 uidebatur

115 1827 214 1888 aliena
231 1843 287 1904 pro
309 1828 368 1885 suis
382 1825 469 1895 edere,
490 1842 540 1884 seu
550 1823 730 1902 percipiendi
744 1820 917 1882 &nemmem
936 1825 1067 1883 instituta
1080 1843 1190 1888 mores-

116 1929 180 1992 que,
203 1928 272 1990 quos
293 1927 351 1970 non
370 1909 490 1989 perinde
509 1911 681 1988 conprimeret
701 1911 734 1967 in
754 1909 874 1987 scriptis,
897 1923 1022 1985 epcessus
1043 1918 1082 1970 est
1102 1929 1190 1990 neque

115 1994 244 2075 amplius
264 1994 357 2091 rediit.
402 1995 434 2056 de
456 2003 545 2054 morte
567 1997 628 2058 eius
653 1989 795 2053 Volcatius
816 1996 856 2052 sic
877 1992 984 2056 uadit:

164 2092 220 2154 Sed
239 2101 272 2152 ut
293 2092 365 2170 Aser
383 2090 491 2172 populo
512 2090 566 2151 se'n
587 2089 661 2151 dedit
682 2089 847 2158 comoldias,

160 2175 223 2239 Iter
243 2176 308 2238 hinc
330 2182 362 2238 in
384 2173 536 2238 dsiom***
558 2175 635 2252 siut.
678 2185 713 2236 ut
733 2174 838 2235 noue'm
859 2174 945 2235 semel

162 2259 339 2333 Conscendit,
362 2265 443 2322 uisus
464 2256 648 2340 mlmpuom†
668 2272 717 2321 cst.
761 2263 801 2320 sic
822 2262 885 2319 uitd
907 2269 999 2320 uacat.

112 2347 150 2420 Q.
182 2347 332 2409 Cosconius
353 2348 515 2408 redeuntem
537 2343 687 2406 eGrcecia
705 2348 812 2425 perisse
833 2347 865 2404 in
886 2342 1013 2421 mari††
1034 2345 1102 2408 dicit
1123 2366 1188 2409 cum

113 2431 191 2495 ¹Cet
218 2430 286 2492 VIII
304 2429 484 2510 sabulis†††
506 2433 648 2493 conuersis
676 2448 695 2491 α
718 2428 886 2490 Menandro.
930 2433 1016 2491 ceteri
1040 2440 1188 2494 mortuum

204 2587 219 2618 *
235 2601 283 2635 sen
300 2584 449 2636 comoedias
465 2582 631 2636 Baehrens
647 2599 673 2637 u.
686 2597 709 2634 a.
735 2581 819 2634 Wenn
831 2583 886 2636 dies
898 2583 1080 2648 unuunehmeu,
1098 2585 1186 2638 whrde

113 2654 174 2706 sich
193 2652 238 2771 dide2
246 2650 434 2719 Wortstellung
446 2651 594 2703 comoedica
611 2667 659 2701 sen
672 2651 744 2703 mehr
756 2651 908 2718 cupienten,
927 2651 977 2703 wie
995 2651 1062 2704 chen
1078 2655 1188 2719 scripsit

114 2737 209 2774 comos
238 2737 270 2771 cs
285 2737 341 2772 sen.

185 2789 218 2822 ⁴¹*
234 2775 302 2840 l'lbcr
312 2788 353 2839 die
362 2785 519 2852 Richtigkeii
528 2786 573 2839 der
581 2785 756 2839 hundschriitl.
765 2786 853 2838 Lesmi
862 2801 983 2852 egressus
992 2801 1012 2839 s.
1021 2785 1051 2839 tt.
1061 2785 1187 2856 Sauppe

113 2856 290 2910 Nuchrichten
303 2855 327 2908 d.
341 2855 400 2910 Ges.
413 2855 437 2907 d.
449 2853 606 2908 Wissensch.
634 2854 773 2921 Ghtiingen
789 2856 860 2919 teto,
879 2871 904 2922 p.
919 2857 976 2908 116.

115 2995 131 3046 d
155 2925 217 3044 f*
234 2923 321 3042 Gcgpn
339 2922 464 3042 Fvllfleus
476 2921 635 2990 Vermutuug
651 2926 682 2974 in
699 2925 830 2976 Achaiam
847 2939 867 2976 s.
887 2922 1048 2976 linietuko
1066 2923 1186 2992 husgehe

133 3035 140 3048 .
179 3008 214 3045 er.
246 3007 307 3044 ree.
338 3029 345 3043 .
413 3029 419 3043 .

201 3007 376 3126 ffumlnis
394 3059 434 3111 iric
450 3073 596 3125 numquam
613 3057 718 3125 Bergk
730 3073 752 3113 a.
766 3056 794 3111 0.
807 3074 832 3124 p.
845 3060 902 3111 632.

185 3129 219 3196 ††
236 3128 334 3180 Anders
351 3126 473 3194 gestultei
490 3127 538 3180 den
556 3126 622 3180 Text
640 3126 835 3179 Fleckeisen
858 3126 921 3180 Krit.
939 3125 1070 3180 Miscelleu
1088 3143 1113 3194 p.
1126 3127 1186 3181 581.

114 3213 139 3250 u.
154 3196 243 3250 Jahrb.
257 3195 274 3247 1.
287 3195 352 3248 Phil.
368 3197 441 3256 1816,
459 3210 483 3262 p.
498 3198 556 3261 595,
574 3194 706 3314 Sauppe
719 3209 741 3247 a.
755 3192 784 3248 0.

168 3265 218 3331 γῇ
237 3280 296 3315 cum
322 3263 384 3315 Cet
403 3263 470 3316 VIII
484 3261 585 3324 fabulis
608 3263 642 3316 ist
682 3263 705 3315 ie
730 3261 891 3314 dherlieierte
914 3261 1010 3314 Lesert.
1047 3261 1121 3315 lliese
1142 3263 1186 3316 he-

116 3335 228 3386 iremdci
250 3330 328 3384 durch
353 3331 402 3383 den
425 3330 517 3383 Zusutu
540 3333 676 3383 conuersis
701 3348 717 3382 α
740 3331 896 3382 Menandro.
938 3329 1065 3383 Sammeln
1089 3329 1186 3384 licente

116 3400 254 3453 Terentius
272 3399 313 3452 die
331 3397 583 3466 Bishnenexenrplere
601 3415 652 3451 von
672 3401 720 3452 108
735 3397 874 3450 Komhdien
894 3397 953 3450 sehr
971 3399 1041 3450 wohl
1057 3400 1084 3450 in
1102 3400 1186 3451 einem

118 3469 191 3534 (oder
204 3468 279 3533 uwei)
291 3466 394 3532 lumen,
412 3467 477 3519 auch
495 3469 536 3519 ein
554 3465 606 3519 und
624 3467 666 3519 die
683 3466 775 3519 undere
787 3454 962 3533 Ubertrsguug
974 3467 1076 3520 mochte
1088 3482 1116 3519 er
1128 3482 1186 3519 vor·

117 3551 271 3605 genommen
289 3534 382 3600 haben,
403 3536 441 3587 sie
459 3535 509 3587 elle
526 3534 683 3601 vollsthndig
700 3551 731 3586 zu
750 3534 898 3587 heerbeiten
916 3549 969 3586 war
987 3536 1012 3586 in
1030 3535 1113 3588 dieser
1130 3534 1185 3587 Zeit

116 3604 275 3671 unmieglich.
304 3601 441 3655 Eutweder
457 3604 491 3656 ist
509 3601 587 3655 daher
604 3603 670 3654 nach
687 3602 799 3656 Ritschls
815 3601 973 3668 Vermutung
990 3602 1031 3655 die
1049 3602 1112 3655 Zehl
1125 3603 1146 3656 C
1161 3607 1188 3653 et

120 3673 188 3726 VIII
203 3672 242 3724 uls
266 3670 422 3724 irrthmliche
442 3669 642 3737 Wiederhulung
665 3670 711 3724 des
729 3669 831 3723 Wortes
849 3686 909 3721 cum
932 3686 963 3722 nu
983 3671 1076 3738 tilgen,
1101 3671 1185 3723 wubei

118 3739 257 3806 ullerdings
280 3745 332 3791 ersi
356 3739 397 3792 die
419 3738 507 3791 Lesurt
526 3739 614 3790 thtt
633 3738 698 3791 ohne
721 3743 748 3789 ct
769 3742 962 3804 vorsusgesetut
987 3740 1089 3791 werden
1111 3739 1186 3804 mnis,

118 3809 188 3873 oder,
206 3823 261 3859 was
279 3807 326 3859 mir
345 3806 596 3871 wahrscheinlicher‚
618 3810 754 3858 conuersis
771 3806 804 3858 ist
822 3807 860 3857 els
879 3821 1025 3872 ungeuauer
1042 3806 1094 3860 und
1111 3807 1186 3860 uner-

119 3875 263 3929 ireibender
280 3873 414 3928 Ausdruck
431 3875 477 3927 des
496 3874 634 3927 Cosconius
657 3890 689 3926 cu
707 3874 870 3940 heliachim,
894 3874 939 3928 der
962 3874 1007 3927 aui
1023 3875 1073 3928 elle
1091 3874 1185 3928 Komo-

947 3958 983 4010 a*

1370 3765 1386 3826 I
