2782 4556
459 921 828 1007 EINLEITUNG.

568 1093 714 1102 ——.

195 1213 353 1292 Bczttglich
368 1213 421 1274 der
436 1209 746 1273 leherisverhtltnisse
761 1213 813 1273 des
828 1212 962 1274 Dichters
978 1213 1010 1274 P.
1022 1213 1180 1276 Terentius
1198 1215 1216 1289 ξ
1231 1217 1246 1276 1

103 1301 177 1362 sind
200 1301 254 1360 wir
282 1301 339 1359 fest
359 1295 589 1359 ausschlietstich
616 1299 669 1357 eut
693 1298 741 1358 die
763 1298 959 1360 Nechrichten
983 1299 1179 1378 engewiesen‚

104 1385 223 1446 welche
244 1384 308 1445 sein
330 1383 556 1444 Kommentator
576 1381 749 1443 llonetus
771 1384 822 1458 (im
844 1384 956 1444 vierten
980 1383 1182 1446 Jahrhundert

104 1471 187 1531 nach
202 1469 282 1544 Chr.)
297 1487 350 1529 eus
363 1468 431 1528 dem
444 1466 550 1527 Werke
565 1467 617 1528 des
632 1467 844 1530 Suetonius
856 1461 905 1529 ‘de
920 1463 1030 1548 poetis'
1047 1470 1180 1530 erhalten

106 1558 169 1617 hut.
208 1554 294 1615 Diese
316 1551 653 1628 Lebensbeschreibung
674 1551 803 1614 leuton*

196 1639 315 1700 Publius
340 1637 486 1699 Terentius
508 1639 592 1716 Aser,
621 1636 799 1716 Kartlrapine
819 1648 919 1708 natm,
948 1641 1050 1698 senuit
1071 1637 1181 1700 Romae

107 1725 241 1787 Ferentio
263 1722 377 1784 lucano
399 1726 536 1794 immori,
566 1741 584 1782 u
612 1741 665 1801 pao
694 1721 728 1782 ol
758 1727 904 1801 inpenium
926 1734 953 1784 et
973 1724 1101 1801 sormam
1122 1742 1182 1784 non

104 1814 257 1872 institutus
271 1809 355 1869 modo
366 1806 520 1869 liberaliter
532 1808 580 1868 sed
594 1819 620 1868 et
634 1818 747 1868 moture
760 1827 850 1868 manu
864 1811 967 1868 missus
981 1819 1028 1869 est.
1066 1809 1182 1889 puidam

102 1906 223 1974 coptum
244 1913 302 1954 esse
316 1897 489 1954 existimant.
523 1893 597 1973 quod
609 1893 676 1971 fieri
688 1892 768 1953 nullo
788 1894 870 1955 modo
889 1897 1015 1972 potuisse
1030 1892 1182 1956 Fenestella

104 1982 195 2050 docet,
218 1998 283 2040 cum
297 1982 372 2039 inter
384 1979 471 2058 [inem
486 1979 602 2038 murnai
617 1976 721 2038 Punici
734 1977 800 2039 belli
818 1990 844 2039 et
866 1982 983 2039 initium
1004 1983 1084 2040 tertii
1097 1992 1183 2040 notus

102 2077 146 2127 est
169 2077 198 2126 et
220 2075 358 2125 mortuus.
401 2082 451 2124 nec
472 2068 499 2123 si
519 2083 537 2123 a
559 2061 694 2123 Numidis
720 2075 772 2124 aut
795 2063 921 2124 Gaetulis
947 2076 1045 2142 coptus
1064 2068 1117 2134 sit,
1145 2066 1183 2125 ad

101 2152 260 2212 dominum
280 2147 445 2209 Ronmnum
469 2151 622 2228 peruenire
647 2153 788 2226 potur'sse,
816 2147 895 2209 nullo
921 2152 1085 2209 commercio
1107 2153 1183 2210 iuter

102 2235 226 2297 Italicos
246 2245 272 2294 at
294 2235 381 2312 Afros
401 2239 460 2294 nisi
475 2245 542 2313 post
563 2233 679 2294 deletam
701 2231 907 2312 Karthapinem
929 2231 1074 2314 coepto.**

198 2317 251 2380 Hic
272 2338 334 2378 mm
361 2318 460 2380 multis
487 2317 629 2378 nobilibus
649 2319 839 2396 familiariter
859 2321 950 2390 uim‘t,
978 2319 1026 2379 sed
1053 2323 1181 2380 monime

102 2425 173 2467 cum
193 2403 325 2482 Scipione
338 2403 478 2477 Asm'cano
500 2415 527 2465 et
545 2402 575 2464 0.
589 2401 693 2473 taetro,
716 2404 816 2482 auibus
837 2407 923 2466 etiam
944 2409 1071 2483 corporis
1084 2407 1181 2482 pratia

11 2551 13 2558 ,
101 2488 276 2552 conciliatus
297 2493 489 2550 emistimatur.
522 2489 643 2568 puniet
665 2493 760 2568 ipsum
774 2488 927 2550 Fenestella
948 2492 1045 2567 orpuit
1066 2501 1181 2550 conterr-

102 2577 176 2636 alens
190 2585 310 2654 utroque
323 2577 461 2634 maiorem
481 2586 553 2634 natu
573 2571 728 2652 fuissem
749 2579 881 2653 quemme
904 2586 930 2635 et
947 2572 1038 2652 Nepos
1052 2572 1181 2653 aequales

103 2678 206 2720 ommes
226 2659 317 2736 fuisse
338 2659 434 2719 trudat
455 2669 481 2719 et
503 2659 621 2719 Porcius
642 2663 825 2738 suspitionem
854 2660 887 2720 de
908 2658 1108 2720 cousuetudine
1127 2677 1181 2738 per

103 2745 177 2806 llaec
198 2745 305 2819 sociat:
667 2761 673 2772 ·

150 2829 232 2890 Dum
252 2828 401 2921 losu'uirim
422 2826 561 2889 nobilium
582 2838 610 2889 et
631 2827 727 2889 laudes
747 2830 862 2907 fucosis
880 2831 960 2908 petit,

152 2925 232 2986 Dum
254 2927 388 3004 Africani
407 2924 507 2986 nomm
530 2925 661 2986 diuinam
682 2925 776 2987 tuliot
796 2927 892 2986 auidis
913 2924 1041 2994 auribus,

149 3010 232 3072 Dum
253 3011 291 3070 rial
313 3009 428 3072 Philum
449 3030 478 3071 se
499 3011 621 3071 cenitare
642 3022 668 3071 et
690 3009 820 3073 loe'lium
838 3009 990 3090 pulalrnim
1007 3019 1102 3089 putot,

150 3096 232 3157 Diem
253 3099 285 3156 in
305 3096 447 3157 Altonum
468 3095 565 3157 cre'bro
588 3099 704 3174 rapitur
726 3095 759 3156 ob
781 3097 884 3174 liorem
906 3100 1008 3157 aetatis
1028 3092 1135 3172 suae‚†

150 3181 222 3274 §uis
239 3180 370 3260 postlau's
390 3181 474 3242 re'lus
494 3181 533 3242 od
552 3199 694 3242 summam
715 3185 843 3262 tnopiom
864 3181 993 3242 redamus
1015 3190 1062 3240 est.

149 3277 252 3358 Itaque
263 3289 300 3338 en
314 3291 461 3359 conspectu
475 3280 605 3340 omnium
616 3277 688 3339 abiit
699 3277 849 3340 &eiciam
862 3281 893 3338 in
906 3289 1014 3339 terram
1027 3276 1184 3347 ultumam„

152 3362 297 3424 Mortuost
318 3361 486 3444 Stpmpluili,
509 3365 561 3440 [in]
584 3364 722 3424 Arcadiae
745 3364 855 3443 oppido.
899 3363 944 3423 nil
966 3361 1066 3423 Publio

195 3514 210 3546 *
229 3512 281 3564 Deo
303 3512 442 3564 kritiscben
461 3515 574 3579 Apparet
596 3512 641 3566 des
659 3511 755 3564 Textes
777 3527 797 3564 s
816 3511 857 3564 bei
876 3511 1002 3564 Ritechl
1021 3512 1056 3576 (in
1075 3511 1180 3564 Reiffer-

106 3581 212 3634 scheids
231 3581 350 3646 Ausgabe
368 3580 413 3633 des
432 3580 570 3633 Suetonius
589 3597 613 3647 p.
627 3578 695 3633 nott.
714 3580 775 3645 und)
792 3579 886 3647 Opusc.
897 3580 936 3645 111,
948 3597 973 3648 p.
987 3579 1072 3634 totu.

159 3653 210 3751 *ΣΞ
228 3647 287 3766 ζει.
303 3649 371 3768 ppep¹
378 3648 490 3768 tsserltk
508 3649 603 3769 Phipot
612 3647 677 3768 {Vl
689 3665 715 3714 p.
728 3650 786 3702 268.
1056 3716 1062 3727 .

169 3786 175 3797 Ι
244 3730 286 3802 με.
333 3731 431 3805 αμειι
475 3724 549 3770 onats
569 3733 620 3770 eric
640 3723 664 3768 te
687 3719 732 3770 der
749 3716 842 3782 preufs.
860 3715 942 3770 Atat.
961 3715 1006 3770 der
1024 3715 1179 3769 wissensch.

111 3783 285 3919 Βθὼῃτιῖὶιίῗ
295 3785 533 3906 ερᾶἀιεῗειτπῆεηιιοὴ
551 3851 596 3905 der
613 3850 776 3918 Herstetlung
793 3851 876 3904 dieser
894 3851 975 3904 Verse
992 3851 1033 3904 bei
1051 3850 1180 3903 Vahlen

108 3936 131 3974 e.
145 3920 185 3984 0.,
204 3937 228 3987 p.
242 3921 291 3973 789
301 3919 327 3972 ff.
361 3920 560 3974 Fleckeisen
577 3919 665 3973 Jahrb.
678 3921 702 3974 d.
715 3919 762 3974 Ph.
778 3921 851 3986 retr,
869 3937 894 3987 p.
907 3921 958 3974 394
971 3937 995 3980 u.
1008 3921 1065 3972 576.

160 4011 281 4055 toronum
294 4011 311 4056 1.
330 4015 350 4056 2.
364 4013 419 4058 tuit.
958 4021 973 4056 a
