2782 4556
204 249 225 303 11
597 251 801 305 ElNLElTUNG.
826 253 880 319 §L

248 419 343 502 Scipio
362 423 485 502 profuit,
507 421 552 482 nil
572 422 618 484 illi
637 422 757 494 lollius,
779 424 823 484 nil
844 422 960 496 Furius,

251 506 275 567 Τ
273 509 318 568 re's
336 526 389 586 per
410 508 483 568 idem
505 511 614 588 tempics
635 513 685 588 qui
705 509 850 588 apr'tadant
871 506 977 570 nobiles'
998 510 1178 588 facillume*

247 591 357 653 Ildrnm
379 591 426 654 ille
448 609 535 672 opera
557 594 593 653 ne'
615 594 730 654 domum
752 596 863 673 quidem
884 593 983 655 ledduit
1005 598 1216 669 conductitiam,

248 675 357 739 Sdltem
378 689 410 738 ut
432 689 499 737 esset
520 681 574 757 qud
597 679 719 756 referret
740 678 849 740 obitum
870 680 980 740 domini
1000 681 1138 743 se'ruolua.

292 762 410 842 Scripsit
432 764 588 824 comoedias
609 781 668 823 sen.
713 781 750 823 en
777 763 877 844 quidus
900 769 1028 844 primam
1050 765 1188 828 Andriam
1209 787 1274 829 cnm

205 847 345 911 aedilibus
366 848 460 918 daret,
488 851 581 908 curun
608 860 673 909 ante
698 847 817 909 Caecilio
845 853 964 910 recitare
985 851 1023 911 ad
1043 864 1188 914 cenantem
1209 872 1274 914 cum

205 938 334 1002 uenisset,
357 934 462 994 dicitur
482 935 601 994 initium
622 933 733 1012 quidem
746 933 873 1012 sedulae,
895 936 971 1014 quod
991 946 1051 996 erat
1073 941 1273 1016 contemptiore

205 1022 326 1088 uestitu,
349 1021 380 1078 in
402 1016 531 1079 morellio
554 1022 639 1078 tuate
660 1018 793 1079 lectulum
814 1019 939 1080 residens
961 1019 1065 1098 lepirre,
1083 1032 1149 1101 post
1166 1007 1274 1102 paucos

204 1122 273 1165 uero
289 1121 389 1163 uermes
404 1106 544 1163 inuitatus
558 1114 591 1163 ut
605 1102 779 1165 accumberet
793 1122 904 1164 cenasse
924 1123 993 1175 una,
1016 1107 1081 1167 dein
1095 1117 1185 1168 cetero
1202 1126 1272 1187 per·

205 1191 363 1251 cucurrisse
383 1205 442 1248 non
463 1191 524 1248 sine
545 1205 650 1266 maana
669 1187 785 1250 Caecilii
803 1189 1001 1252 admiratione.
1038 1201 1065 1252 et
1085 1189 1157 1252 nanc
1178 1204 1273 1254 autem

205 1285 232 1336 et
253 1271 519 1352 quinquerellquae
539 1271 697 1351 aequaliter
715 1273 821 1353 populo
840 1273 991 1353 probauit,
1017 1279 1150 1355 quamuis
1175 1276 1275 1338 Volca-

206 1361 264 1421 tius
285 1359 515 1419 denumeratione
536 1362 665 1418 omnium
687 1362 728 1419 ita
749 1358 871 1420 scribor:

249 1442 416 1504 Summotue
436 1440 559 1522 Hecyra,
581 1443 664 1504 sema
687 1461 725 1504 ea
745 1443 789 1504 icis
812 1444 871 1520 [est]
892 1441 1045 1522 sddnla.**

205 1526 359 1589 Eunuchus
381 1529 492 1608 quidem
515 1526 556 1588 bis
584 1528 628 1589 die
657 1539 722 1589 octo
750 1539 790 1590 est
810 1533 968 1608 meruitque
986 1533 1113 1609 pretium
1135 1537 1274 1608 quantum

205 1613 286 1674 nulla
314 1623 397 1674 anteo
425 1615 591 1693 cuiusquam
618 1614 775 1684 comoedia,
805 1614 836 1675 id
863 1625 904 1675 est
929 1625 988 1675 octo
1010 1614 1093 1675 milia
1113 1632 1274 1675 nummum.

201 1711 354 1779 propterea
374 1716 485 1758 summo
507 1717 614 1778 quoque
634 1699 717 1760 titulo
740 1698 901 1761 ascribitur.
938 1696 1061 1760 nomm
1083 1697 1272 1779 Adelphorum

202 1786 378 1865 principium
407 1779 495 1844 Varro
517 1787 602 1844 etiam
620 1785 754 1862 praefert
772 1788 913 1863 principio
937 1783 1098 1844 Menandri.

290 1867 357 1928 Non
372 1866 489 1928 obscura
503 1868 586 1945 soma
600 1877 640 1926 est
654 1869 783 1929 adiutum
803 1866 963 1929 Terentium
977 1873 1008 1929 in
1022 1871 1133 1945 scriptis
1148 1867 1271 1930 aLcelio

206 1964 231 2014 et
254 1951 397 2031 Scipione,
426 1968 541 2031 mmque
563 1956 621 2031 epse
642 1955 727 2012 canit
753 1969 910 2030 numquam
931 1955 991 2012 nisi
1011 1950 1112 2012 leuiter
1132 1969 1160 2012 ae
1182 1957 1277 2016 tutari

205 2048 321 2100 condus
342 2046 374 2096 ut
396 2040 428 2096 in
445 2035 564 2115 prolopo
587 2035 792 2114 Adelphorum:

249 2121 326 2183 Nam
348 2121 423 2201 quod
442 2124 492 2181 isti
512 2121 608 2182 dicunt
629 2120 773 2191 mdleuoli,
795 2119 921 2182 homines
942 2119 1050 2182 nobiles

247 2205 332 2268 Hunc
353 2207 483 2267 ddiutore
505 2206 669 2286 assidueque
690 2225 751 2266 una
773 2204 902 2276 sortiere,

249 2289 333 2364 Quod
353 2290 398 2350 illi
419 2289 600 2352 maledictum
621 2290 768 2352 uidemem
790 2308 846 2352 ecre
867 2293 1041 2363 ealetimant,

248 2376 321 2438 llam
342 2375 455 2437 laudem
476 2374 520 2436 nic
541 2376 618 2437 ducit
639 2379 808 2445 ma'ocimam,
830 2393 913 2455 quom
934 2373 993 2436 illis
1011 2374 1102 2454 placet

253 2461 315 2535 Qui
334 2460 415 2521 uilis
436 2463 583 2521 uuiudreis
604 2472 631 2522 et
648 2461 755 2541 populi
773 2460 895 2540 placent,

253 2545 385 2620 Quorum
407 2549 492 2625 opera
514 2549 545 2606 in
567 2545 645 2615 bello,
668 2551 700 2606 in
722 2548 788 2618 otio,
810 2549 843 2605 in
863 2548 973 2624 nepotio

250 2631 308 2693 Suo
331 2635 445 2712 quisque
466 2640 589 2710 tempore
611 2633 692 2692 maa
713 2634 774 2692 sine
795 2629 935 2710 supirbio.

212 2715 327 2779 Videtur
348 2726 443 2777 autem
464 2735 492 2776 se
508 2716 599 2777 leuius
614 2716 776 2794 desmdisse,
800 2719 866 2795 quia
888 2714 990 2776 sciebat
1011 2724 1038 2775 et
1052 2714 1146 2775 laelio
1167 2723 1194 2774 et
1209 2713 1275 2774 Sei-

204 2805 287 2882 pioni
305 2819 364 2862 non
386 2805 529 2879 inaratam
552 2819 609 2863 esse
630 2800 702 2861 lonc
724 2805 894 2881 opinionem.
927 2818 996 2879 puae
1018 2809 1112 2862 tamen
1133 2803 1224 2878 acopis
1245 2810 1274 2861 et

205 2906 292 2968 usque
320 2887 358 2948 ad
381 2889 542 2965 posteriora
562 2896 689 2965 tempora
710 2886 813 2947 ualuit.
861 2884 890 2946 C.
914 2884 1067 2946 Memmius
1093 2889 1124 2945 in
1143 2888 1275 2946 aratione

202 2990 257 3053 pro
279 2990 325 3033 ce.-
349 2963 395 3031 ‘P.
418 2960 587 3049 Africanus'
614 2974 706 3050 inquit
725 2963 756 3032 ‘a
781 2967 909 3050 Terentio
934 2989 1088 3050 personam
1115 2978 1274 3038 mutuatus,

290 3172 306 3204 *
324 3171 385 3223 Zum
399 3169 533 3222 Ausdruck
544 3169 596 3235 ναί.
610 3168 667 3222 Ter.
681 3169 788 3236 Adelph.
802 3172 864 3224 501:
882 3187 962 3236 quam
973 3187 1022 3222 uor
1033 3169 1171 3231 facillume
1182 3171 1274 3234 agitis.

274 3240 305 3273 **
323 3238 352 3290 D.
371 3239 394 3290 h.
413 3237 469 3302 (Mil
491 3237 549 3290 lirul
570 3236 614 3289 der
637 3237 816 3304 aulgezfihlten
836 3237 933 3291 Stlrcke
957 3239 1016 3290 land
1035 3238 1079 3290 der
1096 3238 1198 3300 Dichter
1214 3236 1272 3288 Bei-

207 3307 272 3373 tart)
289 3307 336 3359 mit
353 3306 409 3358 dem
423 3306 541 3358 sechsten
554 3305 696 3370 derselben,
714 3303 759 3357 der
771 3305 877 3373 Hecyra,
894 3305 938 3359 fiel
957 3323 984 3359 er
1002 3306 1088 3358 durch.
1117 3309 1271 3370 eummotuc,

206 3376 316 3428 nlmlich
339 3391 448 3437 recena,
473 3373 524 3426 und
546 3373 626 3425 drmit
649 3373 715 3424 euch
739 3389 784 3426 rus
808 3373 853 3427 der
870 3373 931 3426 Zahl
954 3374 999 3426 der
1021 3374 1136 3440 thitigen
1154 3372 1271 3424 Blrhnen·

206 3445 311 3506 clienter,
330 3444 381 3494 wie
393 3442 526 3494 Ambiviue
538 3442 602 3510 prol.
613 3440 671 3494 Hec.
684 3445 716 3495 14
728 3457 778 3493 von
792 3442 916 3495 Caecilius
929 3449 998 3510 eagt:
1013 3458 1099 3508 prope
1114 3443 1170 3491 iam
1187 3455 1273 3491 remo·

206 3519 263 3564 tum
279 3513 383 3562 iniuria
396 3511 582 3561 aduersarium
599 3512 632 3560 ab
649 3511 737 3560 emedio
750 3515 830 3576 atque
842 3513 874 3562 ab
886 3512 978 3562 labare
989 3515 1069 3576 atque
1086 3514 1144 3560 arta
1160 3511 1273 3560 murico.

206 3581 294 3632 Horat.
307 3585 355 3631 eet.
367 3579 386 3643 Ι,
397 3581 421 3641 9,
434 3581 480 3632 48:
498 3581 528 3629 ni
544 3593 700 3629 mmmoreer
717 3594 815 3631 amnes.

238 3648 287 3682 *⁴⁸*
303 3663 366 3699 nam
383 3647 564 3712 Adelptorum
586 3640 665 3696 ‘deno
689 3660 744 3697 was
766 3645 807 3699 die
831 3645 940 3711 Adelphi
965 3643 1076 3710 betam,
1101 3659 1130 3696 eo
1154 3643 1199 3696 het
1221 3643 1272 3695 den

205 3716 308 3782 Aniang
331 3714 414 3767 dieses
432 3714 540 3767 Stdclres
558 3712 637 3766 Verro
660 3728 736 3780 sogor
758 3714 815 3767 dem
838 3713 951 3778 Originel
974 3707 1149 3780 vorgeuogen’
1169 3711 1274 3764 bezieht

207 3784 261 3836 sich
283 3782 379 3835 nurdck
404 3783 449 3835 aul
468 3782 516 3834 den
535 3781 767 3850 Hauptgedanlren,
790 3781 845 3834 dale
863 3780 999 3834 Terentius
1023 3782 1070 3833 mit
1092 3781 1180 3833 selaeu
1197 3779 1272 3831 Dich-

208 3861 302 3918 tungen
321 3850 412 3904 Bellall
431 3850 499 3916 land,
513 3851 614 3917 populo
629 3853 765 3917 probauit.
791 3849 836 3903 Die
854 3849 986 3902 Annrhme
1005 3850 1075 3901 einer
1092 3848 1176 3902 Litelre
1194 3846 1274 3900 daher

206 3921 321 3987 unndtig.
